@online{1,
url = {https://signal.org/docs/},
}

@online{2,
title = {Secure Real-time Transport Protocol},
url = {https://en.wikipedia.org/wiki/Secure_Real-time_Transport_Protocol},
}

@online{3,
title = {Elliptic-curve Diffie–Hellman},
url = {https://en.wikipedia.org/wiki/Elliptic-curve_Diffie%E2%80%93Hellman},
}

@online{4,
title = {Wire},
url = {https://wire.com/},
}

@Article{5,
author = {W. S. GmbH},
title = {Wire Security Whitepaper},
journal = {Wire},
year = {August 17, 2018},
}

@online{6,
author = {I. Datatracker},
title = {Messaging Layer Security (mls)},
url = {https://datatracker.ietf.org/wg/mls/about/},
}

@online{7,
author = {Glenn Greenwald and Ewen MacAskill},
title = {NSA Prism program taps in to user data of Apple, Google and others},
year = {The Guardian, 2016},
url = {https://www.theguardian.com/world/2013/jun/06/us-tech-giants-nsa-data},
}

@online{8,
author = {Joseph Cox and Max Hoppenstedt},
title = {Facebook has fired multiple employees for snooping on users},
year = {Tech by Vice, May 2018},
url = {https://www.vice.com/en us/article/bjp9zv/facebook-employees-look-at-user-data},
}

@online{9,
author = {Joseph Cox},
title = {Snapchat employees abused data access to spy on users},
year = {Tech by Vice, May 2019},
url = {https://www.vice.com/en us/article/xwnva7/snapchat-employees-abused-data-access-spy-on-users-snaplion},
}

@Article{10,
author = {David McGrew},
title = {An Interface and Algorithms for Authenticated Encryption},
journal = {RFC 5116},
year = {January 2008},
}

@Article{11,
author = {Eric Rescorla},
title = {The Transport Layer Security (TLS) Protocol Version 1.3},
journal = {RFC 8446},
year = {August 2018},
}

@report{12,
author = {Vinnie Moscaritolo, Gary Belvin, and Phil Zimmermann},
title = {Silent circle instant messaging protocol protocol specification},
institution = {Technical report},
year = {2012},
}

@Proceedings{13,
author = {Nikita Borisov, Ian Goldberg, and Eric Brewer},
title = {Off-the-record communication, or, why not to use PGP},
year = {2004},
OPTkey = {In Proceedings of the 2004 ACM Workshop on Privacy in the Electronic Society, WPES ’04},
OPTpages = {77–84},
OPTaddress = {New York, NY, USA, ACM},
}

@online{14,
author = {Trevor Perrin and Moxie Marlinspike},
title = {The double ratchet algorithm},
year = {November 2016},
url = {https://signal.org/docs/specifications/doubleratchet/},
OPTsubtitle = {Technical Report Revision 1},
}

@online{15,
author = {Moxie Marlinspike and Trevor Perrin},
title = {The X3DH key agreement protocol},
year = {November 2016},
url = {https://signal.org/docs/specifications/x3dh/},
OPTsubtitle = {Technical Report Revision 1},
}

@Article{16,
author = {Paul R¨osler, Christian Mainka, and J¨org Schwenk},
title = {More is less: On the end-to-end security of group chats in Signal, WhatsApp, and Threema},
journal = {In 2018 IEEE European Symposium on Security and Privacy (EuroSP)},
year = {April 2018},
OPTpages = {415–429},
}

@InCollection{17,
author = {Marc Shapiro, Nuno Pregui¸ca, Carlos Baquero, and Marek Zawirski},
title = {Conflict-free replicated data types},
booktitle = {Stabilization, Safety, and Security of Distributed Systems},
OPTpages = {386-400},
OPTyear = {2011},
OPTeditor = {In Xavier D´efago, Franck Petit, and Vincent Villain},
OPTaddress = {Berlin, Heidelberg. Springer Berlin Heidelberg},
}




